@inproceedings{wang2022adaptive,
	title={Adaptive Bearing-based Spacecraft Formation Control},
	author={Wang, Kun and Meng, Tao and Yin, Chengjin and Li, Heng and Jin, Zhonghe},
	booktitle={2022 China Automation Congress (CAC)},
	pages={1850--1855},
	year={2022},
	organization={IEEE}
}
@article{li2023prescribed,
	title={Prescribed performance-based robust inverse optimal control for spacecraft proximity operations with safety concern},
	doi={10.1016/j.ast.2023.108229},
	author={Li, Qi and Gao, Dengwei and Sun, Chong and Song, Shuo and Niu, Zhiqi and Yang, Yungang},
	journal={Aerospace Science and Technology},
	volume={136},
	pages={108229},
	year={2023},
	publisher={Elsevier}
}
@article{wu2022adaptive,
	title={Adaptive appointed-time formation tracking control for multiple spacecraft with collision avoidance under a dynamic event-triggered mechanism},
	author={Wu, Xia and Luo, Shibin and Yang, Shukai and Wei, Caisheng},
	doi={10.1016/j.asr.2022.08.045},
	journal={Advances in Space Research},
	volume={70},
	number={11},
	pages={3552--3567},
	year={2022},
	publisher={Elsevier}
}
@article{zhang2023composite,
	title={Composite neural learning based appointed-time safe approach control under full-state constraints},
	doi={10.1016/j.asr.2023.04.008},
	author={Zhang, Yu-chen and Wu, Guan-qun and Yuan, Jiang and Yang, Xiao-yan and Song, Shen-min},
	journal={Advances in Space Research},
	year={2023},
	publisher={Elsevier}
}
@article{wang2022finite,
	title={Finite-time extended state observer based prescribed performance fault tolerance control for spacecraft proximity operations},
	author={Wang, Kun and Meng, Tao and Wang, Weijia and Song, Renting and Jin, Zhonghe},
	journal={Advances in Space Research},
	volume={70},
	number={5},
	pages={1270--1284},
	year={2022},
	publisher={Elsevier}
}
@article{lei2023singularity,
	title={Singularity-avoidance prescribed performance control for spacecraft attitude tracking},
	author={Lei, Jiakun and Meng, Tao and Wang, Weijia and Li, Heng and Jin, Zhonghe},
	journal={IEEE Transactions on Aerospace and Electronic Systems},
	year={2023},
	publisher={IEEE}
}
@article{bu2023prescribed,
	title={Prescribed performance control approaches, applications and challenges: A comprehensive survey},
	author={Bu, Xiangwei},
	journal={Asian Journal of Control},
	volume={25},
	number={1},
	pages={241--261},
	year={2023},
	publisher={Wiley Online Library}
}
@article{yong2020flexible,
	title={Flexible performance-based robust control for a class of nonlinear systems with input saturation},
	author={Yong, Kenan and Chen, Mou and Shi, Yang and Wu, Qingxian},
	journal={Automatica},
	volume={122},
	pages={109268},
	year={2020},
	publisher={Elsevier}
}
@article{verginis2022funnel,
	title={Funnel Control for Uncertain Nonlinear Systems via Zeroing Control Barrier Functions},
	author={Verginis, Christos K},
	journal={IEEE Control Systems Letters},
	volume={7},
	pages={853--858},
	year={2022},
	publisher={IEEE}
}
@article{ST-RRT,
  author={Grothe, Francesco and Hartmann, Valentin N. and Orthey, Andreas and Toussaint, Marc},
  booktitle={2022 International Conference on Robotics and Automation (ICRA)}, 
  title={ST-RRT*: Asymptotically-Optimal Bidirectional Motion Planning through Space-Time}, 
  year={2022},
  volume={},
  number={},
  pages={3314-3320},
  keywords={Torque;Robot kinematics;Heuristic algorithms;Dynamics;Probabilistic logic;Manipulators;Libraries},
  doi={10.1109/ICRA46639.2022.9811814}
}